@book{Carroll,
	author={Blanco, L., Arunachalam, V., Dharmaraja, S.},
	title={Introduction to Probability and Stochastic Processes with Applications},
	year={2012},
	publisher={Wiley},
	location={United States of America}
}
