@book{Carroll,
	author={S. Carroll},
	title={Lecture Notes on General Relativity},
	year={1997},
	publisher={Institute of Theoretical Physics, University of California},
	location={United States of America}
}

@book{Munkres,
	author={J. Munkres},
	title={Topology},
	year={2014},
	publisher={Pearson Education Limited},
	location={England}
}

@book{Arunachalam,
	author={L. Blanco and V. Arunachalam and Dharmaraja S.},
	title={Introduction to Probability and Stochastic Processes with Applications},
	year={2012},
	publisher={Wiley},
	location={United States of America}
}
@book{Thorne,
	author={K. Thorne and J. Wheeler and C. Misner},
	title={Gravitation},
	year={1973},
	publisher={W.H. Freeman and Company},
	location={United States of America}
}
@book{rossi_2018, place={Hoboken, NJ}, title={Mathematical statistics: an introduction to likelihood based inference}, publisher={John Wiley Sons, Inc.}, author={R. Rossi}, year={2018}} 

@misc{speagle2019conceptual,
    title={A Conceptual Introduction to Markov Chain Monte Carlo Methods},
    author={Joshua S. Speagle},
    year={2019},
    eprint={1909.12313},
    archivePrefix={arXiv},
    primaryClass={stat.OT}
}

@book{kish_1995, place={New York}, title={Survey sampling}, publisher={Wiley}, author={Kish, Leslie}, year={1995}} 

@book{brooks_gelman_jones_2011, place={Boca Raton}, title={Handbook of Markov chain Monte Carlo}, publisher={CRC Press}, author={Brooks, Steve and Gelman, Andrew and Jones, Galin L.}, year={2011}} 

@article{doi:10.1063/1.1699114,
author = {Metropolis,Nicholas  and Rosenbluth,Arianna W.  and Rosenbluth,Marshall N.  and Teller,Augusta H.  and Teller,Edward },
title = {Equation of State Calculations by Fast Computing Machines},
journal = {The Journal of Chemical Physics},
volume = {21},
number = {6},
pages = {1087-1092},
year = {1953},
doi = {10.1063/1.1699114},

URL = { 
        https://doi.org/10.1063/1.1699114
    
},
eprint = { 
        https://doi.org/10.1063/1.1699114
    
}

}

@book{schneider_ehlers_falco_1992, place={Berlin}, title={Gravitational lenses}, publisher={Springer}, author={Schneider, P. and Ehlers, J. and Falco, E. E.}, year={1992}} 
@book{weinberg_2016, place={New Delhi}, title={Gravitation and cosmology: principles and applications of the general theory of relativity}, publisher={Wiley India Pvt. Ltd.}, author={Weinberg, Steven}, year={2016}} 
@book{bishop_goldberg_1980, place={New York}, title={Tensor analysis on manifolds}, publisher={Dover Publications}, author={Bishop, Richard L. and Goldberg, Samuel I.}, year={1980}}

@misc{wald_2010, title={General Relativity}, url={https://books.google.com/books/about/General_Relativity.html?id=9S-hzg6-moYC}, journal={Google Books}, publisher={University of Chicago Press}, author={Wald, Robert M.}, year={2010}, month={May}} 
